@online{redis-latency-generated-by-fork,
    author   = {Redis Ltd.},
    title    = {Diagnosing latency issues: Latency generated by fork},
    date     = {2011-09-08},
    url      = {https://redis.io/docs/reference/optimization/latency/#latency-generated-by-fork},
    urldate  = {2022-09-08},
    keywords = {fork latency Redis},
}

@online{shared_subtree,
    author   = {Ram Pai linuxram@us.ibm.com},
    title    = {Shared Subtrees},
    date     = {2005-11-07},
    url      = {https://www.kernel.org/doc/Documentation/filesystems/sharedsubtree.txt},
    urldate  = {2022-09-09},
    keywords = {mount namespaces shared subtree Linux kernel}
}
@online{lwn_io_uring,
    author   = {Jonathan Corbet},
    title    = {Ringing in a new asynchronous I/O API},
    date     = {2019-01-15},
    url      = {https://lwn.net/Articles/776703/},
    urldate  = {2022-09-10},
    keywords = {io_uring Linux kernel asynchronous I/O},
}
@online{lwn_io_uring_2,
    author   = {Jonathan Corbet},
    title    = {The rapid growth of io\_uring},
    date     = {2020-01-24},
    url      = {https://lwn.net/Articles/810414/},
    urldate  = {2022-11-14},
    keywords = {io_uring Linux kernel asynchronous I/O},
}
@online{io_uring_kernel_recipes,
    author = {Jens Axboe},
    title = {Kernel Recipes 2019 â€“ Faster IO through io\_uring},
    date = {2019-09-27},
    url = {https://kernel-recipes.org/en/2019/talks/faster-io-through-io_uring/},
    urldate = {2022-11-14},
    keywords = {io_uring Linux kernel asynchronous I/O},
}
@online{io_uring_paper,
    author = {Jens Axboe},
    title = {Efficient IO with io\_uring},
    date = {2019-10-15},
    url = {https://kernel.dk/io_uring.pdf},
    urldate = {2022-11-14},
    keywords = {io_uring Linux kernel asynchronous I/O},
}
@online{man_pid_namespaces,
    author   = {man-pages project},
    title    = {pid\_namespaces - overview of Linux PID namespaces},
    % date     = {},
    url      = {https://man7.org/linux/man-pages/man7/pid_namespaces.7.html},
    urldate  = {2022-11-13},
    keywords = {pid namespaces Linux kernel},
}
@online{man_poll,
    author   = {man-pages project},
    title    = {poll, ppoll - wait for some event on a file descriptor},
    % date     = {},
    url      = {https://man7.org/linux/man-pages/man2/poll.2.html},
    urldate  = {2022-11-14},
    keywords = {poll syscall Linux kernel},
}
@online{man_recvmsg,
    author   = {man-pages project},
    title    = {recv, recvfrom, recvmsg - receive a message from a socket},
    % date     = {},
    url      = {https://man7.org/linux/man-pages/man2/recv.2.html},
    urldate  = {2022-11-19},
    keywords = {read syscall Linux kernel},
}
@online{man_prctl,
    author   = {man-pages project},
    title    = {prctl - operations on a process or thread},
    % date     = {},
    url      = {https://man7.org/linux/man-pages/man2/prctl.2.html},
    urldate  = {2022-11-14},
    keywords = {prctl syscall Linux kernel},
}
@online{man_getppid,
    author   = {man-pages project},
    title    = {getpid, getppid - get process identification},
    % date     = {},
    url      = {https://man7.org/linux/man-pages/man2/getppid.2.html},
    urldate  = {2022-11-14},
    keywords = {getppid syscall Linux kernel},
}
@online{man_pidfd_open,
    author   = {man-pages project},
    title    = {pidfd\_open - obtain a file descriptor that refers to a process},
    % date     = {},
    url      = {https://man7.org/linux/man-pages/man2/pidfd_open.2.html},
    urldate  = {2022-11-14},
    keywords = {pidfd_open syscall Linux kernel},
}
